<?xml version="1.0" encoding="UTF-8"?><collection xmlns="http://www.loc.gov/MARC21/slim"><record><leader>00471nam--2200133-i-4500</leader><controlfield tag="001">000036858</controlfield><controlfield tag="002">20161230</controlfield><controlfield tag="005">20161230201041</controlfield><controlfield tag="008">060222s1000------------r-----000-0-eng-d</controlfield><datafield ind1=" " ind2=" " tag="080"><subfield code="a">541.147.4(043)</subfield></datafield><datafield ind1=" " ind2=" " tag="100"><subfield code="a">Poitrenaud, Claude</subfield></datafield><datafield ind1=" " ind2=" " tag="245"><subfield code="a">Equilibres de partage et d`echange entre une resine echangeuse de cations imbibee d`eau et une solution d`un chelate metallique dans un solvant non miscible a l`eau. these</subfield></datafield><datafield ind1=" " ind2=" " tag="260"><subfield code="a">Paris, Univ.Paris, 1972, 146p</subfield></datafield><datafield ind1=" " ind2=" " tag="852"><subfield code="a">40461</subfield></datafield></record></collection>